<record><leader>00000cas a22000007a 4500</leader><controlfield tag="001">23828965</controlfield><controlfield tag="008">910524d190519uuaruwr ne      0    0eng d</controlfield><datafield ind1=" " ind2=" " tag="010"><subfield code="a">sn 91050068 </subfield></datafield><datafield ind1=" " ind2=" " tag="040"><subfield code="a">ANU</subfield><subfield code="b">eng</subfield><subfield code="c">ANU</subfield><subfield code="d">OCLCQ</subfield><subfield code="d">OCLCF</subfield><subfield code="d">OCLCO</subfield></datafield><datafield ind1="1" ind2=" " tag="029"><subfield code="a">AU@</subfield><subfield code="b">000025856641</subfield></datafield><datafield ind1=" " ind2=" " tag="042"><subfield code="a">msc</subfield></datafield><datafield ind1=" " ind2=" " tag="043"><subfield code="a">n-us-ar</subfield></datafield><datafield ind1="0" ind2="4" tag="245"><subfield code="a">The Jonesboro tribune.</subfield></datafield><datafield ind1="1" ind2="3" tag="246"><subfield code="a">Jonesboro weekly tribune</subfield><subfield code="f">&lt;Feb. 17, 1921&gt;</subfield></datafield><datafield ind1=" " ind2=" " tag="260"><subfield code="a">Jonesboro, Ark. :</subfield><subfield code="b">Williams &amp; Mack</subfield></datafield><datafield ind1=" " ind2=" " tag="300"><subfield code="a">v.</subfield></datafield><datafield ind1=" " ind2=" " tag="310"><subfield code="a">Weekly</subfield></datafield><datafield ind1="1" ind2=" " tag="362"><subfield code="a">Began in 1905.</subfield></datafield><datafield ind1=" " ind2=" " tag="588"><subfield code="a">Description based on: Vol. 1, no. 9 (June 1, 1905).</subfield></datafield><datafield ind1=" " ind2="0" tag="651"><subfield code="a">Jonesboro (Ark.)</subfield><subfield code="v">Newspapers.</subfield></datafield><datafield ind1=" " ind2="7" tag="655"><subfield code="a">Newspapers.</subfield><subfield code="2">fast</subfield><subfield code="0">(OCoLC)fst01423814</subfield></datafield><datafield ind1=" " ind2="7" tag="651"><subfield code="a">Arkansas</subfield><subfield code="z">Jonesboro.</subfield><subfield code="2">fast</subfield><subfield code="0">(OCoLC)fst01216477</subfield></datafield><datafield ind1=" " ind2=" " tag="752"><subfield code="a">United States</subfield><subfield code="b">Arkansas</subfield><subfield code="c">Craighead</subfield><subfield code="d">Jonesboro.</subfield></datafield><datafield ind1="0" ind2=" " tag="775"><subfield code="t">Jonesboro daily tribune</subfield><subfield code="w">(DLC)sn 90050281</subfield></datafield></record>